@article{review,
	Title = {Blood pressure measurement in research and in clinical practice: recent evidence},
	Author = {Parati G, Bilo G, Mancia G.},
	Journal = {Curr Opin Nephrol Hypertens},
	Month = {May},
	Year = {2004},
	Volume = {13},
	Number = {3},
	Pages = {343-57},
	Url = {http://link.aip.org/link/?RSI/72/4477/1},
	
	}

@article{jose,
	Author = {José Carl Wieman and Leo Hollberg},
	Journal = {Review of Scientific Instruments},
	Keywords = {Diode Laser},
	Month = {January},
	Number = {1},
	Numpages = {20},
	Pages = {1--20},
	Title = {Using Diode Lasers for Atomic Physics},
	Volume = {62},
	Url = {http://link.aip.org/link/?RSI/62/1/1},
	Year = {1991}
	}

@article{joao,
	Author = {João Pedro Arnold and Maria Wilson and Tó Boshier},
	Journal = {Review of Scientific Instruments},
	Month = {March},
	Number = {3},
	Numpages = {4},
	Pages = {1236--1239},
	Title = {A Simple Extended-Cavity Diode Laser},
	Volume = {69},
	Url = {http://link.aip.org/link/?RSI/69/1236/1},
	Year = {1998}}


@article{n_idosos, 
	url ={http://www.jn.pt/PaginaInicial/Sociedade/Interior.aspx?content_id=3124868[Online]}
	Year = {2015}
	Month={21 January}
}

@article{iot,
	Title={More Than 30 Billion Devices Will Wirelessly Connect to the Internet of Everything in 2020 [Online]}
	url={https://www.abiresearch.com/press/more-than-30-billion-devices-will-wirelessly-conne}
	Year = {2015}
	Month={21 January}
}